%% This BibTeX bibliography file was created using BibDesk.
%% http://bibdesk.sourceforge.net/


%% Created for JÃ¼rgen Hetzel at 2014-02-09 16:41:18 +0100 


%% Saved with string encoding Unicode (UTF-8) 



@book{AppsProg,
	Author = {Dr. Dirk Koller},
	Date-Added = {2014-02-09 15:39:42 +0000},
	Date-Modified = {2014-02-09 15:41:02 +0000},
	Publisher = {FRANZIS},
	Title = {Android-Apps programmieren},
	Year = {2012}}

@book{TKAndroid4,
	Author = {Thomas K{\"u}nneth},
	Date-Added = {2014-02-09 15:35:25 +0000},
	Date-Modified = {2014-02-09 15:38:40 +0000},
	Publisher = {Galileo Computing},
	Title = {Android 4, Apps entwickeln mit dem Android SDK},
	Year = {2012}}

@misc{ADevActivity,
    Author = {Android},
    Title = {Android Developers - Activity },
    Url = {http://developer.android.com/reference/android/app/Activity.html},
    Urldate = {09.02.2014},
    Year = {2014}}
    
@misc{ADevBackstack,
    Author = {Android},
    Title = {Android Developers - Tasks and Backstack},
    Url = {http://developer.android.com/guide/practices/screens_support.html},
    Urldate = {09.02.2014},
    Year = {2014}}
    
@misc{ADevLayout,
    Author = {Android},
    Title = {Android Developers - Layouts },
    Url = {http://developer.android.com/guide/topics/ui/declaring-layout.html},
    Urldate = {09.02.2014},
    Year = {2014}}

@misc{ADevScreensupport,
    Author = {Android},
    Title = {Android Developers - Supporting Multiple Screens },
    Url = {http://developer.android.com/guide/practices/screens_support.html},
    Urldate = {09.02.2014},
    Year = {2014}}

@misc{ADevSensors,
    Author = {Android},
    Title = { Android Developers - Location and Sensors API  },
    Url = {http://developer.android.com/guide/topics/sensors/index.html},
    Urldate = {09.02.2014},
    Year = {2014}}

@misc{GoogleLocServices,
    Author = {Google},
    Title = { Collection of wifi data for Google location based services },
    Url = {http://static.googleusercontent.com/media/www.google.com/de//googleblogs/pdfs/google_submission_dpas_wifi_collection.pdf},
    Urldate = {09.02.2014},
    Year = {2014}}

@misc{GoogleMapsAPI,
    Author = {Google},
    Title = { Google Maps API v2 },
    Url = {https://developers.google.com/maps/documentation/android/start#getting_the_google_maps_android_api_v2},
    Urldate = {09.02.2014},
    Year = {2014}}

@misc{ADevUI,
    Author = {Android},
    Title = { Android Developers - User Interface},
    Url = {http://developer.android.com/guide/topics/ui/index.html},
    Urldate = {09.02.2014},
    Year = {2014}}     

